@techreport{dinerstein2014consumer,
  title={Consumer price search and platform design in internet commerce},
  author={Dinerstein, Michael and Einav, Liran and Levin, Jonathan and Sundaresan, Neel},
  year={2014},
  institution={National Bureau of Economic Research}
}

@article{fan2013losing,
  title={Losing to win: Reputation management of online sellers},
  author={Fan, Ying and Ju, Jiandong and Xiao, Mo},
  journal={working paper},
  year={2013}
}

@article{baye2004price,
  title={Price dispersion in the small and in the large: Evidence from an internet price comparison site},
  author={Baye, Michael R and Morgan, John and Scholten, Patrick},
  journal={The Journal of Industrial Economics},
  volume={52},
  number={4},
  pages={463--496},
  year={2004},
  publisher={Wiley Online Library}
}

@article{reinganum1979simple,
  title={A simple model of equilibrium price dispersion},
  author={Reinganum, Jennifer F},
  journal={Journal of Political Economy},
  volume={87},
  number={4},
  pages={851--858},
  year={1979},
  publisher={The University of Chicago Press}
}

@article{spulber1995bertrand,
  title={Bertrand competition when rivals' costs are unknown},
  author={Spulber, Daniel F},
  journal={The Journal of Industrial Economics},
  pages={1--11},
  year={1995},
  publisher={JSTOR}
}

@article{stahl1989oligopolistic,
  title={Oligopolistic pricing with sequential consumer search},
  author={Stahl, Dale O},
  journal={The American Economic Review},
  pages={700--712},
  year={1989},
  publisher={JSTOR}
}

@article{goeree2008limited,
  title={Limited information and advertising in the US personal computer industry},
  author={Goeree, Michelle Sovinsky},
  journal={Econometrica},
  volume={76},
  number={5},
  pages={1017--1074},
  year={2008},
  publisher={Wiley Online Library}
}

@article{ellison2009search,
  title={Search, obfuscation, and price elasticities on the internet},
  author={Ellison, Glenn and Ellison, Sara Fisher},
  journal={Econometrica},
  volume={77},
  number={2},
  pages={427--452},
  year={2009},
  publisher={Wiley Online Library}
}

@article{martens2016economic,
  title={An economic policy perspective on online platforms},
  author={Martens, Bertin},
  year={2016}
}

@inproceedings{kenney2015choosing,
  title={Choosing a future in the platform economy: the implications and consequences of digital platforms},
  author={Kenney, Martin and Zysman, John},
  booktitle={Kauffman Foundation New Entrepreneurial Growth Conference},
  volume={156160},
  year={2015}
}

@article{coyle2016making,
  title={Making the most of platforms: a policy research agenda},
  author={Coyle, Diane},
  year={2016}
}

@book{kim2013consumer,
  title={Consumer Online Search and New-Product Marketing},
  author={Kim, Ho},
  year={2013},
  publisher={University of California, Los Angeles}
}

@article{jolivet2016reputation,
  title={Reputation and prices on the e-market: Evidence from a major french platform},
  author={Jolivet, Gr{\'e}gory and Jullien, Bruno and Postel-Vinay, Fabien},
  journal={International Journal of Industrial Organization},
  volume={45},
  pages={59--75},
  year={2016},
  publisher={Elsevier}
}

@article{cai2014seller,
  title={Seller reputation: From word-of-mouth to centralized feedback},
  author={Cai, Hongbin and Jin, Ginger Zhe and Liu, Chong and Zhou, Li-an},
  journal={International Journal of Industrial Organization},
  volume={34},
  pages={51--65},
  year={2014},
  publisher={Elsevier}
}

@inproceedings{fradkin2015bias,
  title={Bias and reciprocity in online reviews: Evidence from field experiments on airbnb},
  author={Fradkin, Andrey and Grewal, Elena and Holtz, Dave and Pearson, Matthew},
  booktitle={Proceedings of the Sixteenth ACM Conference on Economics and Computation},
  pages={641--641},
  year={2015},
  organization={ACM}
}

@inproceedings{harper2005economic,
  title={An economic model of user rating in an online recommender system},
  author={Harper, F Maxwell and Li, Xin and Chen, Yan and Konstan, Joseph A},
  booktitle={International Conference on User Modeling},
  pages={307--316},
  year={2005},
  organization={Springer}
}

@article{brown2002does,
  title={Does the Internet make markets more competitive? Evidence from the life insurance industry},
  author={Brown, Jeffrey R and Goolsbee, Austan},
  journal={Journal of political economy},
  volume={110},
  number={3},
  pages={481--507},
  year={2002},
  publisher={The University of Chicago Press}
}

@article{lin2014price,
  title={Price And Price Dispersion On The Web: Evidence From The Online Book Industry Of Taiwan},
  author={Lin, Yu-Chen and Chen, Chiang-Ming},
  journal={Hitotsubashi Journal of Economics},
  pages={51--70},
  year={2014},
  publisher={JSTOR}
}

@techreport{einav2017assessing,
  title={Assessing the gains from e-commerce},
  author={Einav, Liran and Klenow, Peter J and Klopack, Benjamin and Levin, Jonathan D and Levin, Larry and Best, Wayne},
  year={2017},
  institution={Working paper, Stanford University}
}
